@book{stankovic2018introduction,
  title={Introduction to Graph Signal Processing},
  author={Stankovi{\'c}, Ljuba},
  year={2018},
}

@inproceedings{xu2020heat,
  title={Heat Kernel Graph Convolutional Networks},
  year={2020}
}

@article{wu2019simplifying,
  title={Simplifying Graph Convolutions},
  author={Wu, Felix and Souza, Amauri},
  year={2019}
}
