
@misc{mitvideo,
    author = {Srini Devadas},
    title = {4. Heaps and Heap Sort},
    url = {https://www.youtube.com/watch?v=B7hVxCmfPtM},
    date = {2013},
    organization = {MIT OpenCourseWare},
}

@misc{moacir,
    author = {Moacir Antonelli Ponti},
    title = {ICC2 (2) 5 - Quicksort: análise de pior e melhor caso},
    url = {https://www.youtube.com/watch?v=A5eywcvvNEQ},
    date = {2021},
    organization = {Universidade de São Paulo}
}

@misc{heapSort,
  author       = {Ew Dijkstra},
  title        = {Heap Sort},
  year         = {2014},
  url = {http://wiki.c2.com/?HeapSort}
}

