@booklet{mitclass,
  author = {Erik Demaine, Jason Ku, and Justin Solomon},
  title = {Introduction to Algorithms},
  subtitle = {Recitation 5},
  url = {https://ocw.mit.edu/courses/electrical-engineering-and-computer-science/6-006-introduction-to-algorithms-spring-2020/lecture-notes/MIT6_006S20_r05.pdf}
}

@misc{mitvideo,
    author = {Erik Demaine},
    title = {7. Counting Sort, Radix Sort, Lower Bounds for Sorting},
    url = {https://www.youtube.com/watch?v=Nz1KZXbghj8},
    date = {2013},
    organization = {MIT OpenCourseWare},
    number = {20m15},
    t2 = {49m45}
}

@misc{moacir,
    author = {Moacir Antonelli Ponti},
    title = {ICC2 (3) 3 - Bucketsort: algoritmo e análise},
    url = {https://www.youtube.com/watch?v=8ZyFKHJJJIA},
    date = {2021},
    organization = {Universidade de São Paulo}
}

